% This is a Master file

@ARTICLE{banerjee2008,
  author = {Banerjee, Sudipto and Gelfand, Alan E. and Finley, Andrew O. and
	Sang, Huiyan},
  title = {Gaussian predictive process models for large spatial data sets},
  journal = {Journal of the Royal Statistical Society: Series B (Statistical Methodology)},
  year = {2008},
  volume = {70},
  pages = {825--848},
  number = {4},
  doi = {10.1111/j.1467-9868.2008.00663.x},
  issn = {1467-9868},
  keywords = {Co-regionalization, Gaussian processes, Hierarchical modelling, Kriging,
	Markov chain Monte Carlo methods, Multivariate spatial processes,
	Space–time processes},
  owner = {fuglstad},
  publisher = {Blackwell Publishing Ltd},
  timestamp = {2013.01.21},
  url = {http://dx.doi.org/10.1111/j.1467-9868.2008.00663.x}
}

@ARTICLE{bolin2011,
  author = {Bolin, D. and Lindgren, F.},
  title = {Spatial models generated by nested stochastic partial differential
	equations, with an application to global ozone mapping},
  journal = {The Annals of Applied Statistics},
  year = {2011},
  volume = {5},
  pages = {523--550},
  number = {1},
  owner = {fuglstad},
  timestamp = {2013.01.21}
}

@ARTICLE{cressie2008,
  author = {Cressie, Noel and Johannesson, Gardar},
  title = {Fixed rank kriging for very large spatial data sets},
  journal = {Journal of the Royal Statistical Society: Series B (Statistical Methodology)},
  year = {2008},
  volume = {70},
  pages = {209--226},
  number = {1},
  doi = {10.1111/j.1467-9868.2007.00633.x},
  issn = {1467-9868},
  keywords = {Best linear unbiased predictor, Covariance function, Frobenius norm,
	Geostatistics, Mean-squared prediction error, Non-stationarity, Remote
	sensing, Spatial prediction, Total column ozone},
  owner = {fuglstad},
  publisher = {Blackwell Publishing Ltd},
  timestamp = {2013.01.21},
  url = {http://dx.doi.org/10.1111/j.1467-9868.2007.00633.x}
}

@ARTICLE{damian2001,
  author = {Damian, Doris and Sampson, Paul D and Guttorp, Peter},
  title = {Bayesian estimation of semi-parametric non-stationary spatial covariance
	structures},
  journal = {Environmetrics},
  year = {2001},
  volume = {12},
  pages = {161--178},
  number = {2},
  doi = {10.1002/1099-095X(200103)12:2<161::AID-ENV452>3.0.CO;2-G},
  issn = {1099-095X},
  keywords = {thin-plate splines, Markov Chain Monte Carlo, Gaussian spatial processes},
  owner = {fuglstad},
  publisher = {John Wiley \& Sons, Ltd.},
  timestamp = {2013.01.21},
  url = {http://dx.doi.org/10.1002/1099-095X(200103)12:2<161::AID-ENV452>3.0.CO;2-G}
}

@BOOK{diggle2007,
  title = {Model-based Geostatistics},
  publisher = {Springer New York},
  year = {2007},
  author = {Diggle, P.J. and Ribeiro, P.J. and Justiniano, P.},
  owner = {fuglstad},
  timestamp = {2013.01.21}
}

@ARTICLE{fuentes2001,
  author = {Fuentes, Montserrat},
  title = {A high frequency kriging approach for non-stationary environmental
	processes},
  journal = {Environmetrics},
  year = {2001},
  volume = {12},
  pages = {469--483},
  number = {5},
  doi = {10.1002/env.473},
  issn = {1099-095X},
  keywords = {atmospheric pollutants, Fourier transform, geostatistics, kriging,
	spatial statistics, spectral density, variogram},
  owner = {fuglstad},
  publisher = {John Wiley \& Sons, Ltd.},
  timestamp = {2013.01.21},
  url = {http://dx.doi.org/10.1002/env.473}
}

@MASTERSTHESIS{fuglstad2011,
  author = {Geir-Arne Fuglstad},
  title = {{S}patial {M}odelling and {I}nference with {SPDE}-based {GMRF}s},
  year = {2011},
  month = {June},
  address = {Norwegian University of Science and Technology},
  type = {Master's thesis}
}

@ARTICLE{furrer2006,
  author = {Furrer, Reinhard and Genton, Marc G and Nychka, Douglas},
  title = {Covariance Tapering for Interpolation of Large Spatial Datasets},
  journal = {Journal of Computational and Graphical Statistics},
  year = {2006},
  volume = {15},
  pages = {502-523},
  number = {3},
  doi = {10.1198/106186006X132178},
  eprint = {http://amstat.tandfonline.com/doi/pdf/10.1198/106186006X132178},
  owner = {fuglstad},
  timestamp = {2013.01.21},
  url = {http://amstat.tandfonline.com/doi/abs/10.1198/106186006X132178}
}

@BOOK{gelfand2010handbook,
  title = {Handbook of {S}patial {S}tatistics},
  publisher = {CRC Press},
  year = {2010},
  author = {Gelfand, A. and Diggle, P.J. and Guttorp, P. and Fuentes, M.},
  owner = {fuglstad},
  timestamp = {2013.01.21}
}

@ARTICLE{haas1990a,
  author = {Haas, Timothy C.},
  title = {Lognormal and Moving Window Methods of Estimating Acid Deposition},
  journal = {Journal of the American Statistical Association},
  year = {1990},
  volume = {85},
  pages = {950-963},
  number = {412},
  doi = {10.1080/01621459.1990.10474966},
  eprint = {http://amstat.tandfonline.com/doi/pdf/10.1080/01621459.1990.10474966},
  owner = {fuglstad},
  timestamp = {2013.01.21},
  url = {http://amstat.tandfonline.com/doi/abs/10.1080/01621459.1990.10474966}
}

@ARTICLE{haas1990b,
  author = {Timothy C. Haas},
  title = {Kriging and automated variogram modeling within a moving window},
  journal = {Atmospheric Environment. Part A. General Topics},
  year = {1990},
  volume = {24},
  pages = {1759 - 1769},
  number = {7},
  doi = {10.1016/0960-1686(90)90508-K},
  issn = {0960-1686},
  keywords = {Kriging},
  owner = {fuglstad},
  timestamp = {2013.01.21},
  url = {http://www.sciencedirect.com/science/article/pii/096016869090508K}
}


@ARTICLE{higdon1998,
  author = {Higdon, David},
  title = {A process-convolution approach to modelling temperatures in the North
	Atlantic Ocean},
  journal = {Environmental and Ecological Statistics},
  year = {1998},
  volume = {5},
  pages = {173-190},
  note = {10.1023/A:1009666805688},
  issn = {1352-8505},
  issue = {2},
  keyword = {Biomedical and Life Sciences},
  owner = {fuglstad},
  publisher = {Springer Netherlands},
  timestamp = {2013.01.21},
  url = {http://dx.doi.org/10.1023/A:1009666805688}
}

@ARTICLE{kim2005,
  author = {Kim, Hyoung-Moon and Mallick, Bani K and Holmes, C. C},
  title = {Analyzing Nonstationary Spatial Data Using Piecewise Gaussian Processes},
  journal = {Journal of the American Statistical Association},
  year = {2005},
  volume = {100},
  pages = {653-668},
  number = {470},
  doi = {10.1198/016214504000002014},
  eprint = {http://amstat.tandfonline.com/doi/pdf/10.1198/016214504000002014},
  owner = {fuglstad},
  timestamp = {2013.01.21},
  url = {http://amstat.tandfonline.com/doi/abs/10.1198/016214504000002014}
}

@ARTICLE{lindgren2011spdeapproach,
  author = {Lindgren, Finn and Rue, H\aa{}vard and Lindstr\"{o}m, Johan},
  title = {An explicit link between Gaussian fields and Gaussian Markov random
	fields: the stochastic partial differential equation approach},
  journal = {Journal of the Royal Statistical Society: Series B (Statistical Methodology)},
  year = {2011},
  volume = {73},
  pages = {423--498},
  number = {4},
  doi = {10.1111/j.1467-9868.2011.00777.x},
  issn = {1467-9868},
  keywords = {Approximate Bayesian inference, Covariance functions, Gaussian fields,
	Gaussian Markov random fields, Latent Gaussian models, Sparse matrices,
	Stochastic partial differential equations},
  owner = {fuglstad},
  publisher = {Blackwell Publishing Ltd},
  timestamp = {2013.01.21},
  url = {http://dx.doi.org/10.1111/j.1467-9868.2011.00777.x}
}

@ARTICLE{nychka2002,
  author = {Nychka, Douglas and Wikle, Christopher and Royle, J Andrew},
  title = {Multiresolution models for nonstationary spatial covariance functions},
  journal = {Statistical Modelling},
  year = {2002},
  volume = {2},
  pages = {315-331},
  number = {4},
  doi = {10.1191/1471082x02st037oa},
  eprint = {http://smj.sagepub.com/content/2/4/315.full.pdf+html},
  owner = {fuglstad},
  timestamp = {2013.01.21},
  url = {http://smj.sagepub.com/content/2/4/315.abstract}
}

@ARTICLE{paciorek2006,
  author = {Paciorek, Christopher J. and Schervish, Mark J.},
  title = {Spatial modelling using a new class of nonstationary covariance functions},
  journal = {Environmetrics},
  year = {2006},
  volume = {17},
  pages = {483--506},
  number = {5},
  doi = {10.1002/env.785},
  issn = {1099-095X},
  keywords = {smoothing, Gaussian process, kriging, kernel convolution},
  owner = {fuglstad},
  publisher = {John Wiley \& Sons, Ltd.},
  timestamp = {2013.01.21},
  url = {http://dx.doi.org/10.1002/env.785}
}

@MISC{petersen2012,
  author = {K. B. Petersen and M. S. Pedersen},
  title = {The Matrix Cookbook},
  month = {nov},
  year = {2012},
  note = {Version 20121115},
  abstract = {Matrix identities, relations and approximations. A desktop reference
	for quick overview of mathematics of matrices.},
  keywords = {Matrix identity, matrix relations, inverse, matrix derivative},
  publisher = {Technical University of Denmark},
  url = {http://www2.imm.dtu.dk/pubdb/p.php?3274}
}

@BOOK{rue2005book,
  title = {Gaussian {M}arkov Random Fields: {T}heory and Applications},
  publisher = {Chapman \& Hall},
  year = {2005},
  author = {Håvard Rue and Leonard Held},
  volume = {104},
  series = {Monographs on Statistics and Applied Probability},
  address = {London},
  owner = {fuglstad},
  timestamp = {2013.01.21}
}

@ARTICLE{dampson1992,
  author = {Sampson, Paul D. and Guttorp, Peter},
  title = {Nonparametric Estimation of Nonstationary Spatial Covariance Structure},
  journal = {Journal of the American Statistical Association},
  year = {1992},
  volume = {87},
  pages = {108-119},
  number = {417},
  doi = {10.1080/01621459.1992.10475181},
  eprint = {http://www.tandfonline.com/doi/pdf/10.1080/01621459.1992.10475181},
  owner = {fuglstad},
  timestamp = {2013.01.21},
  url = {http://www.tandfonline.com/doi/abs/10.1080/01621459.1992.10475181}
}

@ARTICLE{schmidt2011,
  author = {Schmidt, Alexandra M. and Guttorp, Peter and O'Hagan, Anthony},
  title = {Considering covariates in the covariance structure of spatial processes},
  journal = {Environmetrics},
  year = {2011},
  volume = {22},
  pages = {487--500},
  number = {4},
  doi = {10.1002/env.1101},
  issn = {1099-095X},
  keywords = {anisotropy, deformation, manifold, non-stationarity, projection},
  owner = {fuglstad},
  publisher = {John Wiley \& Sons, Ltd.},
  timestamp = {2013.01.21},
  url = {http://dx.doi.org/10.1002/env.1101}
}

@ARTICLE{schmidt2003,
  author = {Schmidt, Alexandra M. and O'Hagan, Anthony},
  title = {Bayesian inference for non-stationary spatial covariance structure
	via spatial deformations},
  journal = {Journal of the Royal Statistical Society: Series B (Statistical Methodology)},
  year = {2003},
  volume = {65},
  pages = {743--758},
  number = {3},
  issn = {1467-9868},
  keywords = {Anisotropy, Augmented covariance matrix, Environmental monitoring,
	Gaussian process, Spatial deformation},
  owner = {fuglstad},
  publisher = {Blackwell Publishing},
  timestamp = {2013.01.21},
  url = {http://dx.doi.org/10.1111/1467-9868.00413}
}

@article{gneiting2005,
  title={Calibrated probabilistic forecasting using ensemble model output statistics and minimum CRPS estimation},
  author={Gneiting, T. and Raftery, A.E. and Westveld III, A.H. and Goldman, T.},
  journal={Monthly Weather Review},
  volume={133},
  number={5},
  pages={1098--1118},
  year={2005}
}

@incollection {sun2012,
   author = {Sun, Ying and Li, Bo and Genton, Marc G.},
   affiliation = {Department of Statistics, Texas A&M University, College Station, TX 77843-3143, USA},
   title = {Geostatistics for Large Datasets},
   booktitle = {Advances and Challenges in Space-time Modelling of Natural Events},
   series = {Lecture Notes in Statistics},
   editor = {Porcu, Emilio and Montero, José–María and Schlather, Martin and Bickel, P. and Diggle, P. and Fienberg, S. and Krickeberg, K. and Olkin, I. and Wermuth, N. and Zeger, S.},
   publisher = {Springer Berlin Heidelberg},
   isbn = {978-3-642-17086-7},
   keyword = {Mathematics and Statistics},
   pages = {55--77},
   volume = {207},
   url = {http://dx.doi.org/10.1007/978-3-642-17086-7_3},
   note = {10.1007/978-3-642-17086-7\_3},
   year = {2012}
}

@article{fuglstad2014,
	author = {Geir-Arne Fuglstad and Finn Lindgren and Daniel Simpson and H{\aa}vard Rue},
	title = {Exploring a {N}ew {C}lass of {N}on-stationary {S}patial {G}aussian {R}andom {F}ields with {V}arying {L}ocal {A}nisotropy},
	journal={Statistica Sinica},
	year = {2014},
	note = {In press}
}

@article{daly2002,
  title={Development of a 103-Year High-Resolution Climate Data Set for the Conterminous United States},
  author={Daly, Christopher and Taylor, George and Kittel, Tim and Schimel, Dave and McNab, Alan},
  year={2002}
}

@article{johns2003,
  title={Infilling sparse records of spatial fields},
  author={Johns, Craig J and Nychka, Douglas and Kittel, Timothy G F and Daly, Chris},
  journal={Journal of the American Statistical Association},
  volume={98},
  number={464},
  pages={796--806},
  year={2003},
  publisher={Taylor \& Francis}
}



@article {damian2003,
author = {Damian, Doris and Sampson, Paul D. and Guttorp, Peter},
title = {Variance modeling for nonstationary spatial processes with temporal replications},
journal = {Journal of Geophysical Research: Atmospheres},
volume = {108},
number = {D24},
issn = {2156-2202},
url = {http://dx.doi.org/10.1029/2002JD002864},
doi = {10.1029/2002JD002864},
pages = {n/a--n/a},
keywords = {anisotropy, Bayesian inference, precipitation, environmental monitoring, spatial covariance, spatial deformation},
year = {2003},
}


@article{fuentes2002a,
author = {Fuentes, Montserrat}, 
title = {Spectral methods for nonstationary spatial processes},
volume = {89}, 
number = {1}, 
pages = {197-210}, 
year = {2002}, 
doi = {10.1093/biomet/89.1.197}, 
URL = {http://biomet.oxfordjournals.org/content/89/1/197.abstract}, 
eprint = {http://biomet.oxfordjournals.org/content/89/1/197.full.pdf+html}, 
journal = {Biometrika} 
}

@article{fuentes2002b,
author = {Fuentes, Montserrat}, 
title = {Interpolation of nonstationary air pollution processes: a spatial spectral approach},
volume = {2}, 
number = {4}, 
pages = {281-298}, 
year = {2002}, 
doi = {10.1191/1471082x02st034oa}, 
URL = {http://smj.sagepub.com/content/2/4/281.abstract}, 
eprint = {http://smj.sagepub.com/content/2/4/281.full.pdf+html}, 
journal = {Statistical Modelling} 
}


@article{whittle1954stationary,
     jstor_articletype = {research-article},
     title = {On Stationary Processes in the Plane},
     author = {Whittle, P.},
     journal = {Biometrika},
     jstor_issuetitle = {},
     volume = {41},
     number = {3/4},
     jstor_formatteddate = {Dec., 1954},
     pages = {pp. 434-449},
     url = {http://www.jstor.org/stable/2332724},
     ISSN = {00063444},
     language = {English},
     year = {1954},
     publisher = {Biometrika Trust},
     copyright = {Copyright © 1954 Biometrika Trust},
    }

@article{lindgren2008rw2irreg,
  title={On the Second-Order Random Walk Model for Irregular Locations},
  author={Lindgren, Finn and Rue, H{\aa}vard},
  journal={Scandinavian journal of statistics},
  volume={35},
  number={4},
  pages={691--700},
  year={2008},
  publisher={Wiley Online Library}
}

@article{rue2009inla,
author = {Rue, Håvard and Martino, Sara and Chopin, Nicolas},
title = {Approximate Bayesian inference for latent Gaussian models by using integrated nested Laplace approximations},
journal = {Journal of the Royal Statistical Society: Series B (Statistical Methodology)},
volume = {71},
number = {2},
publisher = {Blackwell Publishing Ltd},
issn = {1467-9868},
url = {http://dx.doi.org/10.1111/j.1467-9868.2008.00700.x},
doi = {10.1111/j.1467-9868.2008.00700.x},
pages = {319--392},
keywords = {Approximate Bayesian inference, Gaussian Markov random fields, Generalized additive mixed models, Laplace approximation, Parallel computing, Sparse matrices, Structured additive regression models},
year = {2009},
}

@comment{ From here on: Haakon's new  }

@BOOK{lindgren2012stocPros,
  title = {Stationary Stochastic Processes: Theory and Applications},
  publisher = {Chapman and Hall},
  year = {2012},
  author = {Lindgren, Georg},
}

@article {ramsay2002spline,
author = {Ramsay, Tim},
title = {Spline smoothing over difficult regions},
journal = {Journal of the Royal Statistical Society: Series B (Statistical Methodology)},
volume = {64},
number = {2},
publisher = {Blackwell Science, Ltd},
issn = {1467-9868},
url = {http://dx.doi.org/10.1111/1467-9868.00339},
doi = {10.1111/1467-9868.00339},
pages = {307--319},
keywords = {Bivariate spline, Finite element, Penalized regression, Smoothing, Spatial smoothing, Thin plate spline},
year = {2002},
}

@article {wood2008Soapfilm,
author = {Wood, Simon N. and Bravington, Mark V. and Hedley, Sharon L.},
title = {Soap film smoothing},
journal = {Journal of the Royal Statistical Society: Series B (Statistical Methodology)},
volume = {70},
number = {5},
publisher = {Blackwell Publishing Ltd},
issn = {1467-9868},
url = {http://dx.doi.org/10.1111/j.1467-9868.2008.00665.x},
doi = {10.1111/j.1467-9868.2008.00665.x},
pages = {931--955},
keywords = {Basis penalty smooth, Differential equation smoothing, FELSPLINE, Finite window smoothing, Known boundary smoothing, Spline},
year = {2008},
}


@article{yue2014AdaptiveSplineSPDE,
author = "Yue, Yu Ryan and Simpson, Daniel and Lindgren, Finn and Rue, Håvard",
doi = "10.1214/13-BA866",
fjournal = "Bayesian Analysis",
journal = "Bayesian Anal.",
month = "06",
number = "2",
pages = "397--424",
publisher = "International Society for Bayesian Analysis",
title = "Bayesian Adaptive Smoothing Splines Using Stochastic Differential Equations",
url = "http://dx.doi.org/10.1214/13-BA866",
volume = "9",
year = "2014"
}

@article {spiegelhalter2014dic,
author = {Spiegelhalter, David J. and Best, Nicola G. and Carlin, Bradley P. and van der Linde, Angelika},
title = {The deviance information criterion: 12 years on},
journal = {Journal of the Royal Statistical Society: Series B (Statistical Methodology)},
volume = {76},
number = {3},
issn = {1467-9868},
url = {http://dx.doi.org/10.1111/rssb.12062},
doi = {10.1111/rssb.12062},
pages = {485--493},
keywords = {Bayesian, Model comparison, Prediction},
year = {2014},
}

@article{plummer2008penalized,
  title={Penalized loss functions for Bayesian model comparison},
  author={Plummer, Martyn},
  journal={Biostatistics},
  year={2008},
  publisher={Biometrika Trust}
}


@inproceedings{ng1997preventing,
  title={Preventing" overfitting" of cross-validation data},
  author={Ng, Andrew Y},
  booktitle={ICML},
  volume={97},
  pages={245--253},
  year={1997}
}
@article{cawley2010over,
  title={On over-fitting in model selection and subsequent selection bias in performance evaluation},
  author={Cawley, Gavin C and Talbot, Nicola LC},
  journal={The Journal of Machine Learning Research},
  volume={11},
  pages={2079--2107},
  year={2010},
  publisher={JMLR. org}
}

@article{simpson2014penalising,
  title={Penalising model component complexity: A principled, practical approach to constructing priors},
  author={Simpson, Daniel P and Martins, Thiago G and Riebler, Andrea and Fuglstad, Geir-Arne and Rue, H{\aa}vard and S{\o}rbye, Sigrunn H},
  journal={arXiv preprint arXiv:1403.4630},
  year={2014}
}

@article{fuglstad2015interpretable,
  title={Interpretable Priors for Hyperparameters for Gaussian Random Fields},
  author={Fuglstad, Geir-Arne and Simpson, Daniel and Lindgren, Finn and Rue, H{\aa}vard},
  journal={arXiv preprint arXiv:1503.00256},
  year={2015}
}

@article{hiai2009riemannian,
  title={Riemannian metrics on positive definite matrices related to means},
  author={Hiai, Fumio and Petz, D{\'e}nes},
  journal={Linear Algebra and its Applications},
  volume={430},
  number={11},
  pages={3105--3130},
  year={2009},
  publisher={Elsevier}
}

@phdthesis{de2003metodos,
  title={M{\'e}todos de estima{\c{c}}{\~a}o de par{\^a}metros em modelos geoestat{\'\i}sticos com diferentes estruturas de covari{\^a}ncias: uma aplica{\c{c}}{\~a}o ao teor de c{\'a}lcio no solo},
  author={de Oliveira, Maria Cristina Neves},
  year={2003},
  school={Universidade de S{\~a}o Paulo}
}

@article{spiegelhalter2014deviance,
  title={The deviance information criterion: 12 years on},
  author={Spiegelhalter, David J and Best, Nicola G and Carlin, Bradley P and Linde, Angelika},
  journal={Journal of the Royal Statistical Society: Series B (Statistical Methodology)},
  volume={76},
  number={3},
  pages={485--493},
  year={2014},
  publisher={Wiley Online Library}
}

@article{watanabe2013widely,
  title={A widely applicable Bayesian information criterion},
  author={Watanabe, Sumio},
  journal={The Journal of Machine Learning Research},
  volume={14},
  number={1},
  pages={867--897},
  year={2013},
  publisher={JMLR. org}
}

@book{robert2007bayesian,
  title={The Bayesian choice: from decision-theoretic foundations to computational implementation},
  author={Robert, Christian},
  year={2007},
  publisher={Springer Science \& Business Media}
}

@article{martins2013bayesian,
  title={Bayesian computing with INLA: new features},
  author={Martins, Thiago G and Simpson, Daniel and Lindgren, Finn and Rue, H{\aa}vard},
  journal={Computational Statistics \& Data Analysis},
  volume={67},
  pages={68--83},
  year={2013},
  publisher={Elsevier}
}

@article{dijkstra1959note,
  title={A note on two problems in connexion with graphs},
  author={Dijkstra, Edsger W},
  journal={Numerische mathematik},
  volume={1},
  number={1},
  pages={269--271},
  year={1959},
  publisher={Springer}
}

@article{linden2011,
  title={Using the negative binomial distribution to model overdispersion in ecological count data},
  author={Andreas Lind{\'e}n and Samu M{\"a}ntyniemi.},
  journal={Ecology},
  volume={92},
  pages={1414-1421},
  year={2011}
}

@book{gelfand2010,
   author       = {Alan E. Gelfand and Peter J. Diggle and Montserrat Fuentes and Peter Guttorp},
   title        = {Handbook of Spatial Statistics},
   year         = {2010},
   publisher    = {CRC Press}
}

@Article{vanhatalo2012,
 author      = {Jarno Vanhatalo and Lari Veneranta and Richard Hudd},
 title       = {Species Distribution Modelling with Gaussian Processes: a Case Study with the Youngest Stages of Sea Spawning Whitefish (\emph{Coregonus lavaretus L. s.l.}) Larvae.},
 journal     = {Ecological Modelling},
 volume      = {228},
 number      = {0},
 pages       = {49 - 58},
 year        = {2012},
 doi         = {10.1016/j.ecolmodel.2011.12.025}
}

@Article{elith2009, 
  author        = "Jane Elith and John R. Leathwick", 
  title         = "Species Distribution Models: Ecological Explanation and Prediction Across Space and Time",
  journal       = {Annual Review of Ecology, Evolution, and Systematics}, 
  volume        = {40}, 
  number        = {}, 
  pages         = {677-697}, 
  year          = {2009}, 
  month         = {December},
  doi           = {10.1146/annurev.ecolsys.110308.120159}
}

@article{latimer2006, 
 author      = "Andrew M. Latimer and Shanshan Wu and Alan E. Gelfand and John A {Silander, Jr.}", 
 title       = "Building Statistical Models to Analyze Species Distributions",
 journal     = {Ecological Applications},
 volume      = {16},
 number      = {1},
 pages       = {33-50},
 year        = {2006}
}

@article{guisan2002,
  author = "Antoine Guisan and Thomas C. Edwards and Trevor Hastie",
  title = "Generalized linear and generalized additive models in studies of species distributions: setting the scene",
  journal = "Ecological Modelling",
  volume = "157",
  number = "2-3",
  pages = "89-100",
  year = "2002",
  issn = "0304-3800",
  doi = "DOI: 10.1016/S0304-3800(02)00204-1"
}

@article {higdon1998,
   author = {David Higdon},
   title = {A process-convolution approach to modelling temperatures in the North Atlantic Ocean},
   journal = {Environmental and Ecological Statistics},
   publisher = {Springer Netherlands},
   issn = {1352-8505},
   keyword = {Earth and Environmental Science},
   pages = {173-190},
   volume = {5},
   issue = {2},
   doi = {10.1023/A:1009666805688},
   year = {1998}
}

 @Article{paciorek2006, 
  author        = "Christopher Paciorek and Mark Schervish", 
  title         = "Spatial modelling using a new class of nonstationary covariance functions", 
  journal       = {Environmetrics},
  volume        = {17}, 
  issue         = {}, 
  pages         = {483--506},
  year          = {2006}, 
  month         = {}
}


 @Article{kallasvuosubmitted, 
  author        = "Meri Kallasvuo and Jarno Vanhatalo and Lari Veneranta", 
  title         = "Abundance matters when modeling the distribution of fish reproduction habitats", 
  journal       = {Canadian Journal of fisheries and Aquatic Sciences},
  volume        = {}, 
  issue         = {}, 
  pages         = {},
  year          = {submitted}, 
  month         = {}
}

@Article{gelfand2006, 
  author        = "Alan E. Gelfand and John A. {Silander Jr.} and  Shanshan Wu and Andrew Latimer and Paul O. Lewis and Anthony G. Rebelo and Mark Holder", 
  title         = "Explaining species distribution patterns through hierarchical modeling", 
  journal       = {Bayesian Analysis},
  volume        = {1}, 
  issue         = {1}, 
  pages         = {41-92},
  year          = {2006}
}

@Article{shpilev2005, 
  author        = {Heli Shpilev and Evald Ojaveer and Ain Lankov}, 
  title         = {Smelt (\emph{Osmerus eperlanus L.}) in the Baltic Sea}, 
  journal       = {Proceedings of the Estonian Academy of Sciences, Biology and Ecology},
  volume        = {54},
  pages         = {230-241},
  year          = {2005}
}


 @Article{sundblad2014, 
  author        = "Ulf Bergstr{\"o}m and Ga{\"o}ran Sundblad and Alfred Sandstr{\"o}m and Peter Ekl{\"o}v", 
  title         = " Nursery habitat availability limits adult stock sizes of predatory coastal fish", 
  journal       = {ICES Journal of Marine Science},
  volume        = {71},
  pages         = {672-680},
  year          = {2014}
}

@article{vehtari2012,
author = {Vehtari, Aki and Ojanen, Janne},
doi = {10.1214/12-SS102},
issn = {1935-7516},
journal = {Statistics Surveys},
pages = {142--228},
title = {{A survey of Bayesian predictive methods for model assessment, selection and comparison}},
volume = {6},
year = {2012}
}

@article{austin2007,
author = {Austin, Mike},
doi = {10.1016/j.ecolmodel.2006.07.005},
issn = {03043800},
journal = {Ecological Modelling},
month = {jan},
number = {1-2},
pages = {1--19},
title = {{Species distribution models and ecological theory: A critical assessment and some possible new approaches}},
volume = {200},
year = {2007}
}

@article{ovaskainen2015,
author = {Ovaskainen, Otso and Abrego, Nerea and Halme, Panu and Dunson, David},
doi = {10.1111/2041-210X.12501},
issn = {2041210X},
journal = {Methods in Ecology and Evolution},
title = {{Using latent variable models to identify large networks of species-to-species associations at different spatial scales}},
year = {2015}
}

@article{johnston2015,
author = {Johnston, Alison and Fink, Daniel and Reynolds, Mark D. and Hochachka, Wesley M. and Sullivan, Brian L. and Bruns, Nicholas E. and Hallstein, Eric and Merrifield, Matt S. and Matsumoto, Sandi and Kelling, Steve},
doi = {10.1890/07-1650.1},
isbn = {0849309670},
issn = {10510761},
journal = {Ecological Applications},
number = {7},
pages = {1749--1756},
pmid = {18536244},
title = {{Abundance models improve spatial and temporal prioritization of conservation resources}},
volume = {25},
year = {2015}
}


@article{clark2014,
author = {Clark, James S. and Gelfand, Alan E. and Woodall, Christopher W. and Zhu, Kai},
doi = {10.1890/13-1015.1},
isbn = {1051-0761},
issn = {10510761},
journal = {Ecological Applications},
number = {5},
pages = {990--999},
title = {{More than the sum of the parts: Forest climate response from joint species distribution models}},
volume = {24},
year = {2014}
}

@TechReport{tech125,
  author =       {H. Bakka and J. Vanhatalo and J. Illian and D.
Simpson and H. Rue},
  title =        {Accounting for physical barriers in species
distribution modeling with non-stationary spatial random effects},
  institution =  {{N}orwegian University of Science and Technology,
                  {T}rondheim, {N}orway},
  keywords =     {year2016,my.own,my.cv},
  year =         2016,
  type =         {arXiv preprint},
  number =       {arXiv:1608.03787}
}

@article{gelman2014understanding,
  title={Understanding predictive information criteria for Bayesian models},
  author={Gelman, Andrew and Hwang, Jessica and Vehtari, Aki},
  journal={Statistics and Computing},
  volume={24},
  number={6},
  pages={997--1016},
  year={2014},
  publisher={Springer}
}

@article{diebold2015comparing,
  title={Comparing predictive accuracy, twenty years later: A personal perspective on the use and abuse of Diebold--Mariano tests},
  author={Diebold, Francis X},
  journal={Journal of Business \& Economic Statistics},
  volume={33},
  number={1},
  pages={1--1},
  year={2015},
  publisher={Taylor \& Francis}
}

@article{rue2016bayesian,
  title={Bayesian Computing with INLA: A Review},
  author={Rue, H{\aa}vard and Riebler, Andrea and S{\o}rbye, Sigrunn H and Illian, Janine B and Simpson, Daniel P and Lindgren, Finn K},
  journal={arXiv preprint arXiv:1604.00860},
  year={2016}
}

@article{ingebrigtsen2014spatial,
  title={Spatial models with explanatory variables in the dependence structure},
  author={Ingebrigtsen, Rikke and Lindgren, Finn and Steinsland, Ingelin},
  journal={Spatial Statistics},
  volume={8},
  pages={20--38},
  year={2014},
  publisher={Elsevier}
}

@article{ingebrigtsen2015estimation,
  title={Estimation of a non-stationary model for annual precipitation in southern Norway using replicates of the spatial field},
  author={Ingebrigtsen, Rikke and Lindgren, Finn and Steinsland, Ingelin and Martino, Sara},
  journal={Spatial Statistics},
  volume={14},
  pages={338--364},
  year={2015},
  publisher={Elsevier}
}

@article{fuglstad2014doweneed,
  title={Do we need non-stationarity in spatial models},
  author={Fuglstad, G-ASLR and Lindgren, F and Simpson, D and Rue, H{\aa}vard},
  journal={arXiv preprint arXiv:1409.0743},
  year={2014}
}


@phdthesis{de2003metodos,
  title={M{\'e}todos de estima{\c{c}}{\~a}o de par{\^a}metros em modelos geoestat{\'\i}sticos com diferentes estruturas de covari{\^a}ncias: uma aplica{\c{c}}{\~a}o ao teor de c{\'a}lcio no solo},
  author={de Oliveira, Maria Cristina Neves},
  year={2003},
  school={Universidade de S{\~a}o Paulo}
}

@article{barber1963mechanisms,
  title={Mechanisms for movement of plant nutrients from soil and fertilizer to plant root},
  author={Barber, SA and Walker, JM and Vasey, EH},
  journal={Journal of Agricultural and Food Chemistry},
  volume={11},
  number={3},
  pages={204--207},
  year={1963},
  publisher={ACS Publications}
}

@article{ingebrigtsen2015estimation,
  title={Estimation of a non-stationary model for annual precipitation in southern Norway using replicates of the spatial field},
  author={Ingebrigtsen, Rikke and Lindgren, Finn and Steinsland, Ingelin and Martino, Sara},
  journal={Spatial Statistics},
  volume={14},
  pages={338--364},
  year={2015},
  publisher={Elsevier}
}

@article{cressie2008fixed,
  title={Fixed rank kriging for very large spatial data sets},
  author={Cressie, Noel and Johannesson, Gardar},
  journal={Journal of the Royal Statistical Society: Series B (Statistical Methodology)},
  volume={70},
  number={1},
  pages={209--226},
  year={2008},
  publisher={Wiley Online Library}
}

@article{fuentes2007approximate,
  title={Approximate likelihood for large irregularly spaced spatial data},
  author={Fuentes, Montserrat},
  journal={Journal of the American Statistical Association},
  volume={102},
  number={477},
  pages={321--331},
  year={2007},
  publisher={Taylor \& Francis}
}

@article{stein2004approximating,
  title={Approximating likelihoods for large spatial data sets},
  author={Stein, Michael L and Chi, Zhiyi and Welty, Leah J},
  journal={Journal of the Royal Statistical Society: Series B (Statistical Methodology)},
  volume={66},
  number={2},
  pages={275--296},
  year={2004},
  publisher={Wiley Online Library}
}

@article{sampson1992nonparametric,
  title={Nonparametric estimation of nonstationary spatial covariance structure},
  author={Sampson, Paul D and Guttorp, Peter},
  journal={Journal of the American Statistical Association},
  volume={87},
  number={417},
  pages={108--119},
  year={1992},
  publisher={Taylor \& Francis}
}

@article{anderes2008estimating,
  title={Estimating deformations of isotropic Gaussian random fields on the plane},
  author={Anderes, Ethan B and Stein, Michael L},
  journal={The Annals of Statistics},
  pages={719--741},
  year={2008},
  publisher={JSTOR}
}

@incollection{higdon2002space,
  title={Space and space-time modeling using process convolutions},
  author={Higdon, Dave},
  booktitle={Quantitative methods for current environmental issues},
  pages={37--56},
  year={2002},
  publisher={Springer}
}

@article{neto2014accounting,
  title={Accounting for spatially varying directional effects in spatial covariance structures},
  author={Neto, Joaquim Henriques Vianna and Schmidt, Alexandra M and Guttorp, Peter},
  journal={Journal of the Royal Statistical Society: Series C (Applied Statistics)},
  volume={63},
  number={1},
  pages={103--122},
  year={2014},
  publisher={Wiley Online Library}
}

@article{katzfuss2013bayesian,
  title={Bayesian nonstationary spatial modeling for very large datasets},
  author={Katzfuss, Matthias},
  journal={Environmetrics},
  volume={24},
  number={3},
  pages={189--200},
  year={2013},
  publisher={Wiley Online Library}
}

@book{matern1960spatial,
  title={Spatial Variation: Stachastic Models and Their Application to Some Problems in Forest Surveys and Other Sampling Investigations},
  author={Mat{\'e}rn, Bertil},
  year={1960},
  publisher={Statens skogsforskningsinstitut}
}

@article{whittle1963stochastic,
  title={Stochastic-processes in several dimensions},
  author={Whittle, Peter},
  journal={Bulletin of the International Statistical Institute},
  volume={40},
  number={2},
  pages={974--994},
  year={1963},
  publisher={INT STATISTICAL INSTITUTE 428 PRINSES BEATRIXLAEN, VOORBURG, NETHERLANDS}
}

@article{higdon1999non,
  title={Non-stationary spatial modeling},
  author={Higdon, Dave and Swall, J and Kern, J},
  journal={Bayesian statistics},
  volume={6},
  number={1},
  pages={761--768},
  year={1999}
}

@article{bornn2012modeling,
  title={Modeling nonstationary processes through dimension expansion},
  author={Bornn, Luke and Shaddick, Gavin and Zidek, James V},
  journal={Journal of the American Statistical Association},
  volume={107},
  number={497},
  pages={281--289},
  year={2012},
  publisher={Taylor \& Francis}
}


@article{reich2011class,
  title={A class of covariate-dependent spatiotemporal covariance functions},
  author={Reich, Brian J and Eidsvik, Jo and Guindani, Michele and Nail, Amy J and Schmidt, Alexandra M},
  journal={The annals of applied statistics},
  volume={5},
  number={4},
  pages={2265},
  year={2011},
  publisher={NIH Public Access}
}


@article{kleiber2012nonstationary,
  title={Nonstationary modeling for multivariate spatial processes},
  author={Kleiber, William and Nychka, Douglas},
  journal={Journal of Multivariate Analysis},
  volume={112},
  pages={76--91},
  year={2012},
  publisher={Elsevier}
}

@article{fuglstad2013exploring,
  title={Exploring a new class of non-stationary spatial Gaussian random fields with varying local anisotropy},
  author={Fuglstad, Geir-Arne and Lindgren, Finn and Simpson, Daniel and Rue, H{\aa}vard},
  journal={arXiv preprint arXiv:1304.6949},
  year={2013}
}


@article{kolehmainen1999recovery,
  title={Recovery of region boundaries of piecewise constant coefficients of an elliptic PDE from boundary data},
  author={Kolehmainen, V and Arridge, SR and Lionheart, WRB and Vauhkonen, M and Kaipio, JP},
  journal={Inverse Problems},
  volume={15},
  number={5},
  pages={1375},
  year={1999},
  publisher={IOP Publishing}
}

@article{nefedov2015internal,
  title={Internal layers in the one-dimensional reaction--diffusion equation with a discontinuous reactive term},
  author={Nefedov, Nikolai Nikolaevich and Ni, Minkang},
  journal={Computational Mathematics and Mathematical Physics},
  volume={55},
  number={12},
  pages={2001--2007},
  year={2015},
  publisher={Springer}
}

@phdthesis{petzoldt2001regularity,
  title={Regularity and error estimators for elliptic problems with discontinuous coefficients},
  author={Petzoldt, Martin},
  year={2001},
  school={Freie Universit{\"a}t Berlin}
}

@article{leveque1994immersed,
  title={The immersed interface method for elliptic equations with discontinuous coefficients and singular sources},
  author={Leveque, Randall J and Li, Zhilin},
  journal={SIAM Journal on Numerical Analysis},
  volume={31},
  number={4},
  pages={1019--1044},
  year={1994},
  publisher={SIAM}
}

@article{kallasvuo2016modeling,
  title={Modeling the spatial distribution of larval fish abundance provides essential information for management},
  author={Kallasvuo, Meri and Vanhatalo, Jarno and Veneranta, Lari},
  journal={Canadian Journal of Fisheries and Aquatic Sciences},
  number={ja},
  year={2016},
  publisher={NRC Research Press}
}

@article{spdetutorial,
	title={The R-INLA tutorial on SPDE models},
	author={Krainski, ET and Lindgren, F and Simpson, D and Rue, H},
	journal={http://www.r-inla.org/examples/tutorials/spde-tutorial},
}


@article{fuglstad2017,
	title={Constructing priors that penalize the complexity of Gaussian random fields},
	author={Fuglstad, Geir-Arne and Simpson, Daniel and Lindgren, Finn and Rue, H{\aa}vard},
	journal={Journal of the American Statistical Association},
	number={just-accepted},
	year={2017},
	publisher={Taylor \& Francis}
}

@article{bakka2018spatial,
	title={Spatial modelling with R-INLA: A review},
	author={Bakka, Haakon and Rue, H{\aa}vard and Fuglstad, Geir-Arne and Riebler, Andrea and Bolin, David and Krainski, Elias and Simpson, Daniel and Lindgren, Finn},
	journal={arXiv preprint arXiv:1802.06350},
	year={2018}
}

